<?xml version="1.0" encoding="UTF-8"?><collection xmlns="http://www.loc.gov/MARC21/slim"><record><leader>00491nam--2200181-i-4500</leader><controlfield tag="001">000047900</controlfield><controlfield tag="002">20161230</controlfield><controlfield tag="005">20170128000848</controlfield><controlfield tag="008">060222s1000------------r-----000-0-eng-d</controlfield><datafield ind1=" " ind2=" " tag="020"><subfield code="a">471965081</subfield></datafield><datafield ind1=" " ind2=" " tag="040"><subfield code="a">IFIN-HH</subfield></datafield><datafield ind1=" " ind2=" " tag="080"><subfield code="a">539.12:535.338.3</subfield></datafield><datafield ind1="1" ind2=" " tag="100"><subfield code="a">Wybourne, Brian G</subfield></datafield><datafield ind1="1" ind2="0" tag="245"><subfield code="a">Symmetry principles and atomic spectroscopy</subfield><subfield code="c">Brian C. Wybourne</subfield></datafield><datafield ind1=" " ind2=" " tag="260"><subfield code="a">Toronto</subfield><subfield code="b">Wiley-Interscience</subfield><subfield code="c">1970</subfield></datafield><datafield ind1=" " ind2=" " tag="300"><subfield code="a">XII + 146 p</subfield></datafield><datafield ind1=" " ind2=" " tag="852"><subfield code="a">33738</subfield><subfield code="c">535.33</subfield></datafield><datafield ind1=" " ind2=" " tag="CAT"><subfield code="a">SYS</subfield><subfield code="c">20170128</subfield><subfield code="h">000848</subfield></datafield></record></collection>